@book{josang2016subjective,
  title={Subjective logic},
  author={J{\o}sang, Audun},
  year={2016},
  publisher={Springer}
}