@book{DBLP:books/sp/Josang16,
  author    = {Audun J{\o}sang},
  title     = {Subjective Logic - {A} Formalism for Reasoning Under Uncertainty},
  series    = {Artificial Intelligence: Foundations, Theory, and Algorithms},
  publisher = {Springer},
  year      = {2016},
  url       = {https://doi.org/10.1007/978-3-319-42337-1},
  doi       = {10.1007/978-3-319-42337-1},
  isbn      = {978-3-319-42335-7},
  timestamp = {Sat, 19 Oct 2019 19:02:53 +0200},
  biburl    = {https://dblp.org/rec/books/sp/Josang16.bib},
  bibsource = {dblp computer science bibliography, https://dblp.org}
}

@inproceedings{DBLP:conf/birthday/AlvimKV19,
  author    = {M{\'{a}}rio S. Alvim and
               Sophia Knight and
               Frank Valencia},
  editor    = {M{\'{a}}rio S. Alvim and
               Kostas Chatzikokolakis and
               Carlos Olarte and
               Frank Valencia},
  title     = {Toward a Formal Model for Group Polarization in Social Networks},
  booktitle = {The Art of Modelling Computational Systems: {A} Journey from Logic
               and Concurrency to Security and Privacy - Essays Dedicated to Catuscia
               Palamidessi on the Occasion of Her 60th Birthday},
  series    = {Lecture Notes in Computer Science},
  volume    = {11760},
  pages     = {419--441},
  publisher = {Springer},
  year      = {2019},
  url       = {https://doi.org/10.1007/978-3-030-31175-9\_24},
  doi       = {10.1007/978-3-030-31175-9\_24},
  timestamp = {Thu, 07 Nov 2019 17:02:36 +0100},
  biburl    = {https://dblp.org/rec/conf/birthday/AlvimKV19.bib},
  bibsource = {dblp computer science bibliography, https://dblp.org}
}

@article{josang2018categories,
  title={Categories of Belief Fusion},
  author={Audun J{\o}sang},
  journal={Journal of Advances in Information Fusion},
  volume={13},
  number={2},
  pages={235--254},
  year={2018},
  url={https://folk.universitetetioslo.no/josang/papers/Jos2018-JAIF.pdf}
}

@misc{oliveira2021subjective,
	author={Jose C. Oliveira},
	title={Subjective Logic Python Library},
	organization={GitHub},
	url={https://github.com/joseoliveirajr/subjective-logic-library},
	year={2021}

}

@book{josang2016subjective,
  title={Subjective logic},
  author={J{\o}sang, Audun},
  year={2016},
  publisher={Springer}
}